<record><leader>00000cas a22000007a 4500</leader><controlfield tag="001">17460422</controlfield><controlfield tag="008">880211d18801964ohuwr ne      0    0eng d</controlfield><datafield ind1=" " ind2=" " tag="010"><subfield code="a">sn 88078262 </subfield></datafield><datafield ind1=" " ind2=" " tag="040"><subfield code="a">ONP</subfield><subfield code="b">eng</subfield><subfield code="c">ONP</subfield><subfield code="d">OCLCQ</subfield></datafield><datafield ind1=" " ind2=" " tag="042"><subfield code="a">msc</subfield></datafield><datafield ind1="0" ind2="4" tag="245"><subfield code="a">The Freeport press.</subfield></datafield><datafield ind1=" " ind2=" " tag="260"><subfield code="a">Freeport, O. [Ohio] :</subfield><subfield code="b">J.J. &amp; W.T. Ashenhurst,</subfield><subfield code="c">-1964.</subfield></datafield><datafield ind1=" " ind2=" " tag="300"><subfield code="a">v.</subfield></datafield><datafield ind1=" " ind2=" " tag="310"><subfield code="a">Weekly</subfield></datafield><datafield ind1="1" ind2=" " tag="362"><subfield code="a">Began with Aug. 26, 1880 issue.</subfield></datafield><datafield ind1="0" ind2=" " tag="362"><subfield code="a">-v. 84, no. 43 (May 28, 1964).</subfield></datafield><datafield ind1=" " ind2=" " tag="588"><subfield code="a">Description based on: Vol. 1, no. 2 (Sept. 2, 1880).</subfield></datafield><datafield ind1=" " ind2=" " tag="752"><subfield code="a">United States</subfield><subfield code="b">Ohio</subfield><subfield code="c">Harrison</subfield><subfield code="d">Freeport.</subfield></datafield><datafield ind1="0" ind2="7" tag="785"><subfield code="t">Scio herald</subfield><subfield code="w">(DLC)sn 88078256</subfield></datafield><datafield ind1="0" ind2="7" tag="785"><subfield code="t">Scio press-herald</subfield><subfield code="w">(DLC)sn 88078254</subfield></datafield></record>